{"eth_usdt":[{"type":"ask","price":3121.09961376,"amount":0.05424005,"tid":200213377,"timestamp":1713790081},{"type":"ask","price":3119.6159737,"amount":0.01187215,"tid":200213376,"timestamp":1713763866},{"type":"bid","price":3220.01645681,"amount":0.01,"tid":200213375,"timestamp":1713739005},{"type":"ask","price":3111.81188541,"amount":0.00022775,"tid":200213374,"timestamp":1713717558},{"type":"ask","price":3111.81188541,"amount":0.00018651,"tid":200213373,"timestamp":1713717555},{"type":"ask","price":3115.00564398,"amount":0.01150471,"tid":200213372,"timestamp":1713714597},{"type":"ask","price":3115.00660316,"amount":0.00022702,"tid":200213371,"timestamp":1713714281},{"type":"ask","price":3196.57077594,"amount":0.02943523,"tid":200213370,"timestamp":1713695800},{"type":"bid","price":3196.57077594,"amount":0.04509259,"tid":200213369,"timestamp":1713695799},{"type":"ask","price":3114.75251946,"amount":0.00014263,"tid":200213368,"timestamp":1713635290},{"type":"bid","price":3123.59225917,"amount":0.00000125,"tid":200213367,"timestamp":1713634923},{"type":"bid","price":3123.59225917,"amount":0.00010812,"tid":200213366,"timestamp":1713633962},{"type":"bid","price":3100,"amount":0.0001,"tid":200213365,"timestamp":1713633508},{"type":"ask","price":3037.79805306,"amount":0.00036095,"tid":200213364,"timestamp":1713606574},{"type":"ask","price":3039.47477711,"amount":0.05,"tid":200213363,"timestamp":1713603762},{"type":"ask","price":3056.68622059,"amount":0.08014008,"tid":200213362,"timestamp":1713567711},{"type":"bid","price":3098.98119803,"amount":0.0523277,"tid":200213361,"timestamp":1713556745},{"type":"ask","price":3083.46651186,"amount":0.18000091,"tid":200213360,"timestamp":1713511067},{"type":"bid","price":3098.41669266,"amount":0.0117252,"tid":200213359,"timestamp":1713510023},{"type":"bid","price":3098.41669266,"amount":0.02745542,"tid":200213358,"timestamp":1713510022},{"type":"bid","price":3093.92139357,"amount":0.0394006,"tid":200213357,"timestamp":1713509658},{"type":"ask","price":3093.92139357,"amount":0.04380378,"tid":200213356,"timestamp":1713509649},{"type":"bid","price":3093.74487778,"amount":0.00010919,"tid":200213355,"timestamp":1713509648},{"type":"ask","price":3089.09432485,"amount":0.00437943,"tid":200213354,"timestamp":1713509645},{"type":"bid","price":3088.63178688,"amount":0.00001236,"tid":200213353,"timestamp":1713509644},{"type":"bid","price":3088.63178688,"amount":0.00439179,"tid":200213352,"timestamp":1713509644},{"type":"bid","price":3088.42392941,"amount":0.03939963,"tid":200213351,"timestamp":1713509642},{"type":"ask","price":3081.71764809,"amount":0.00679713,"tid":200213350,"timestamp":1713509472},{"type":"ask","price":3081.71764809,"amount":0.00020586,"tid":200213349,"timestamp":1713509470},{"type":"ask","price":3081.71764809,"amount":0.00444219,"tid":200213348,"timestamp":1713509469},{"type":"bid","price":3081.71764809,"amount":0.04500998,"tid":200213347,"timestamp":1713509468},{"type":"ask","price":3045.17899918,"amount":0.0001479,"tid":200213346,"timestamp":1713509100},{"type":"ask","price":3047.93339408,"amount":0.00018933,"tid":200213345,"timestamp":1713509089},{"type":"ask","price":3047.93339408,"amount":0.02031649,"tid":200213344,"timestamp":1713509087},{"type":"bid","price":3047.93339408,"amount":0.00012499,"tid":200213343,"timestamp":1713509085},{"type":"bid","price":3047.93339408,"amount":0.02344358,"tid":200213342,"timestamp":1713509085},{"type":"ask","price":3048.75123876,"amount":0.01581149,"tid":200213341,"timestamp":1713509083},{"type":"bid","price":3048.37939075,"amount":0.0007801,"tid":200213340,"timestamp":1713509082},{"type":"bid","price":3048.37939075,"amount":0.01581149,"tid":200213339,"timestamp":1713509082},{"type":"bid","price":3047.55996448,"amount":0.02047986,"tid":200213338,"timestamp":1713509076},{"type":"ask","price":3045.17899918,"amount":0.04038016,"tid":200213337,"timestamp":1713509075},{"type":"bid","price":3047.55996448,"amount":0.01600836,"tid":200213336,"timestamp":1713509072},{"type":"bid","price":3047.55996448,"amount":0.01600883,"tid":200213335,"timestamp":1713509072},{"type":"bid","price":3048.37939075,"amount":0.0049931,"tid":200213334,"timestamp":1713509067},{"type":"ask","price":3048.37939075,"amount":0.01659159,"tid":200213333,"timestamp":1713509066},{"type":"bid","price":3046.54553085,"amount":0.0472414,"tid":200213332,"timestamp":1713509065},{"type":"bid","price":3046.54553085,"amount":0.00087598,"tid":200213331,"timestamp":1713509065},{"type":"ask","price":3047.99085499,"amount":0.00087608,"tid":200213330,"timestamp":1713509065},{"type":"ask","price":3047.99085499,"amount":0.0008755,"tid":200213329,"timestamp":1713509065},{"type":"ask","price":3047.99085499,"amount":0.00087179,"tid":200213328,"timestamp":1713509065},{"type":"bid","price":3047.99085499,"amount":0.00000371,"tid":200213327,"timestamp":1713509065},{"type":"bid","price":3047.99085499,"amount":0.0008755,"tid":200213326,"timestamp":1713509065},{"type":"ask","price":3045.17899918,"amount":0.02127941,"tid":200213325,"timestamp":1713509063},{"type":"bid","price":3046.54557495,"amount":0.06295378,"tid":200213324,"timestamp":1713509061},{"type":"ask","price":3045.17899918,"amount":0.03356707,"tid":200213323,"timestamp":1713509055},{"type":"ask","price":3045.17899918,"amount":0.05225761,"tid":200213322,"timestamp":1713509050},{"type":"bid","price":3045.17899918,"amount":0.05243756,"tid":200213321,"timestamp":1713509049},{"type":"ask","price":2900,"amount":0.11298856,"tid":200213320,"timestamp":1713493313},{"type":"ask","price":2900.0000001,"amount":0.03448275,"tid":200213319,"timestamp":1713493313},{"type":"ask","price":2900.10001,"amount":0.00087921,"tid":200213318,"timestamp":1713493312},{"type":"ask","price":2901.30232004,"amount":0.26905066,"tid":200213317,"timestamp":1713493310},{"type":"ask","price":2905.11066702,"amount":1.01167451,"tid":200213316,"timestamp":1713493297},{"type":"ask","price":2932.70588297,"amount":0.00017898,"tid":200213315,"timestamp":1713492597},{"type":"ask","price":2932.70588297,"amount":0.0004926,"tid":200213314,"timestamp":1713492594},{"type":"bid","price":2932.70588297,"amount":0.00028286,"tid":200213313,"timestamp":1713492591},{"type":"bid","price":2932.70588297,"amount":0.00011337,"tid":200213312,"timestamp":1713492591},{"type":"bid","price":2932.70588297,"amount":0.00009637,"tid":200213311,"timestamp":1713492591},{"type":"bid","price":2932.70588297,"amount":0.00035934,"tid":200213310,"timestamp":1713492591},{"type":"bid","price":2932.70588297,"amount":0.00013326,"tid":200213309,"timestamp":1713492591},{"type":"bid","price":2932.70588297,"amount":0.00025421,"tid":200213308,"timestamp":1713492590},{"type":"bid","price":2932.70588297,"amount":0.00011302,"tid":200213307,"timestamp":1713492590},{"type":"bid","price":2932.70588297,"amount":0.0001227,"tid":200213306,"timestamp":1713492590},{"type":"bid","price":2932.70588297,"amount":0.00000258,"tid":200213305,"timestamp":1713492590},{"type":"bid","price":2932.70588297,"amount":0.00022561,"tid":200213304,"timestamp":1713492590},{"type":"bid","price":2932.70588297,"amount":0.00026699,"tid":200213303,"timestamp":1713492590},{"type":"bid","price":2932.70588297,"amount":0.00015987,"tid":200213302,"timestamp":1713492589},{"type":"bid","price":2932.70588297,"amount":0.00014642,"tid":200213301,"timestamp":1713492589},{"type":"bid","price":2932.70588297,"amount":0.0004926,"tid":200213300,"timestamp":1713492589},{"type":"bid","price":2932.70588297,"amount":0.00017022,"tid":200213299,"timestamp":1713492589},{"type":"bid","price":2932.70588297,"amount":0.00031558,"tid":200213298,"timestamp":1713492585},{"type":"ask","price":2932.70588297,"amount":0.00000671,"tid":200213297,"timestamp":1713492584},{"type":"ask","price":2932.70588297,"amount":0.00033152,"tid":200213296,"timestamp":1713492584},{"type":"ask","price":2932.70588297,"amount":0.00016108,"tid":200213295,"timestamp":1713492584},{"type":"ask","price":2932.70588297,"amount":0.00013847,"tid":200213294,"timestamp":1713492577},{"type":"ask","price":2932.70588297,"amount":0.00060991,"tid":200213293,"timestamp":1713492577},{"type":"ask","price":2932.70588297,"amount":0.00019619,"tid":200213292,"timestamp":1713492577},{"type":"ask","price":2932.70588297,"amount":0.00726741,"tid":200213291,"timestamp":1713492577},{"type":"ask","price":2932.70588297,"amount":0.00034406,"tid":200213290,"timestamp":1713492577},{"type":"ask","price":2932.70588297,"amount":0.09583863,"tid":200213289,"timestamp":1713492577},{"type":"ask","price":2932.70588297,"amount":0.00027819,"tid":200213288,"timestamp":1713492577},{"type":"ask","price":2932.70588297,"amount":0.00017369,"tid":200213287,"timestamp":1713492577},{"type":"ask","price":2932.70588297,"amount":0.00013104,"tid":200213286,"timestamp":1713492577},{"type":"ask","price":2932.70588297,"amount":0.00070483,"tid":200213285,"timestamp":1713492577},{"type":"ask","price":2932.70588297,"amount":0.00021047,"tid":200213284,"timestamp":1713492577},{"type":"ask","price":2932.70588297,"amount":0.00046195,"tid":200213283,"timestamp":1713492577},{"type":"ask","price":2932.70588297,"amount":0.00010576,"tid":200213282,"timestamp":1713492576},{"type":"ask","price":2932.70588297,"amount":0.00026697,"tid":200213281,"timestamp":1713492576},{"type":"ask","price":2932.70588297,"amount":0.00068515,"tid":200213280,"timestamp":1713492576},{"type":"ask","price":2932.70588297,"amount":0.00026588,"tid":200213279,"timestamp":1713492576},{"type":"ask","price":2932.70588297,"amount":0.10114169,"tid":200213278,"timestamp":1713492576},{"type":"bid","price":2932.70588297,"amount":0.00258741,"tid":200213277,"timestamp":1713492573},{"type":"bid","price":2932.70588297,"amount":0.071,"tid":200213276,"timestamp":1713492573},{"type":"bid","price":2932.70588297,"amount":0.0792709,"tid":200213275,"timestamp":1713492573},{"type":"bid","price":2932.70588297,"amount":0.0057159,"tid":200213274,"timestamp":1713492573},{"type":"bid","price":2932.70588297,"amount":0.02443807,"tid":200213273,"timestamp":1713492573},{"type":"bid","price":2932.70588297,"amount":0.00025747,"tid":200213272,"timestamp":1713492572},{"type":"bid","price":2932.70588297,"amount":0.07316694,"tid":200213271,"timestamp":1713492572},{"type":"bid","price":2932.70588297,"amount":0.00015072,"tid":200213270,"timestamp":1713492572},{"type":"ask","price":2932.70588297,"amount":0.44360315,"tid":200213269,"timestamp":1713492571},{"type":"ask","price":3036.17872754,"amount":0.00011,"tid":200213268,"timestamp":1713490498},{"type":"ask","price":3036.54541894,"amount":0.03176479,"tid":200213267,"timestamp":1713488730},{"type":"ask","price":3035.31069427,"amount":0.00034015,"tid":200213266,"timestamp":1713478794},{"type":"ask","price":3034.1114114,"amount":0.01883837,"tid":200213265,"timestamp":1713458639},{"type":"ask","price":3043.21374564,"amount":0.00429716,"tid":200213264,"timestamp":1713458639},{"type":"bid","price":3095.12160511,"amount":0.00031171,"tid":200213263,"timestamp":1713454516},{"type":"bid","price":3095.12160511,"amount":0.00017114,"tid":200213262,"timestamp":1713454144},{"type":"bid","price":3019.5480612,"amount":0.05189084,"tid":200213261,"timestamp":1713409568},{"type":"bid","price":2979.60752746,"amount":0.02114373,"tid":200213260,"timestamp":1713399317},{"type":"bid","price":2979.60752746,"amount":0.023,"tid":200213259,"timestamp":1713399317},{"type":"bid","price":2979.39346407,"amount":0.00433712,"tid":200213258,"timestamp":1713399314},{"type":"ask","price":2979.60752746,"amount":0.01896301,"tid":200213257,"timestamp":1713399313},{"type":"ask","price":2979.60752746,"amount":0.00433712,"tid":200213256,"timestamp":1713399313},{"type":"ask","price":3005.53274223,"amount":0.00011119,"tid":200213255,"timestamp":1713381853},{"type":"ask","price":3005.53274223,"amount":0.07,"tid":200213254,"timestamp":1713381853},{"type":"bid","price":3007.62930159,"amount":0.00102979,"tid":200213253,"timestamp":1713377015},{"type":"bid","price":3007.62930159,"amount":0.04202906,"tid":200213252,"timestamp":1713377015},{"type":"bid","price":3007.19510942,"amount":0.03,"tid":200213251,"timestamp":1713377008},{"type":"ask","price":3006.15174472,"amount":0.03639628,"tid":200213250,"timestamp":1713377008},{"type":"ask","price":3006.41171265,"amount":0.03882682,"tid":200213249,"timestamp":1713377008},{"type":"ask","price":3006.15174472,"amount":0.03801672,"tid":200213248,"timestamp":1713377007},{"type":"ask","price":3006.15174472,"amount":0.03720638,"tid":200213247,"timestamp":1713377007},{"type":"bid","price":3006.15174472,"amount":0.00081022,"tid":200213246,"timestamp":1713377007},{"type":"bid","price":3006.15174472,"amount":0.0380166,"tid":200213245,"timestamp":1713377007},{"type":"bid","price":2995.37440916,"amount":0.04434703,"tid":200213244,"timestamp":1713376586},{"type":"ask","price":2946.80189129,"amount":0.00341039,"tid":200213243,"timestamp":1713372501},{"type":"bid","price":3003.34783039,"amount":0.00020975,"tid":200213242,"timestamp":1713370727},{"type":"ask","price":2975.21141046,"amount":0.04225011,"tid":200213241,"timestamp":1713370357},{"type":"ask","price":2975.21141046,"amount":0.02013581,"tid":200213240,"timestamp":1713370353},{"type":"ask","price":2975.21141046,"amount":0.04389463,"tid":200213239,"timestamp":1713370352},{"type":"ask","price":2975.21141046,"amount":0.0131915,"tid":200213238,"timestamp":1713370348},{"type":"ask","price":2975.21141046,"amount":0.0514849,"tid":200213237,"timestamp":1713370348},{"type":"bid","price":2975.21141046,"amount":0.05172929,"tid":200213236,"timestamp":1713370346},{"type":"ask","price":2924.28991015,"amount":0.11097078,"tid":200213235,"timestamp":1713369994},{"type":"ask","price":2950,"amount":0.00011,"tid":200213234,"timestamp":1713367826},{"type":"ask","price":2950.1102025,"amount":0.00748387,"tid":200213233,"timestamp":1713367826},{"type":"ask","price":2950.64471516,"amount":0.11699189,"tid":200213232,"timestamp":1713367824},{"type":"ask","price":2952.24793898,"amount":0.46456409,"tid":200213231,"timestamp":1713364509},{"type":"ask","price":2969.562851,"amount":0.00841874,"tid":200213230,"timestamp":1713363505},{"type":"ask","price":3000,"amount":0.00666666,"tid":200213229,"timestamp":1713363505},{"type":"ask","price":3015.71316458,"amount":0.00011,"tid":200213228,"timestamp":1713363492}]}